@article{gimsatul,
  author       = {Mathias Fleury and
                  Armin Biere},
  title        = {Scalable Proof Producing Multi-Threaded {SAT} Solving with Gimsatul
                  through Sharing instead of Copying Clauses},
  journal      = {CoRR},
  volume       = {abs/2207.13577},
  year         = {2022},
  url          = {https://doi.org/10.48550/arXiv.2207.13577},
  doi          = {10.48550/arXiv.2207.13577},
  eprinttype    = {arXiv},
  eprint       = {2207.13577},
  timestamp    = {Mon, 01 Aug 2022 16:59:42 +0200},
  biburl       = {https://dblp.org/rec/journals/corr/abs-2207-13577.bib},
}

@article{mallobSat,
  title={MallobSat:: Scalable SAT Solving by Clause Sharing},
  author={Schreiber, Dominik and Sanders, Peter},
  journal={Journal of Artificial Intelligence Research},
  volume={80},
  year={2024},
  publisher={AI Access Foundation}
}

@inproceedings{hordeSat,
  title={Hordesat: A massively parallel portfolio SAT solver},
  author={Balyo, Tom{\'a}{\v{s}} and Sanders, Peter and Sinz, Carsten},
  booktitle={International Conference on Theory and Applications of Satisfiability Testing},
  pages={156--172},
  year={2015},
  organization={Springer}
}

@inproceedings{kissat,
  author       = {Armin Biere and Tobias Faller and Katalin Fazekas and Mathias Fleury and Nils Froleyks and Florian Pollitt},
  title	       = {{CaDiCaL}, {Gimsatul}, {IsaSAT} and {Kissat} Entering the {SAT Competition 2024}},
  editor       = {Marijn Heule and Markus Iser and Matti J{\"a}rvisalo and Martin Suda},
  booktitle    = {Proc.~of {SAT Competition} 2024 -- Solver, Benchmark and
                  Proof Checker Descriptions},
  volume       = {B-2024-1},
  series       = {Department of Computer Science Report Series B},
  publisher    = {University of Helsinki},
  year	       = 2024,
  pages	       = {8-10},
}

@phdthesis{dominikPhd,
  author={Dominik Schreiber},
  title={Scalable {SAT} Solving and its Application},
  year={2023},
  school={Karlsruhe Institute of Technology},
  doi={10.5445/IR/1000165224}
}

@article{searchOnlyPaper,
  title={Streamlining Distributed SAT Solver Design},
  author={Schreiber, Dominik and Rigi-Luperti, Niccol{\`o} and Biere, Armin},
  journal={Theory and Applications of Satisfiability Testing (SAT)},
  volume={23},
  pages={1--23},
  year={2025}
}

@InProceedings{benchmarkDB,
  author =	{Iser, Markus and Jabs, Christoph},
  title =	{{Global Benchmark Database}},
  booktitle =	{27th International Conference on Theory and Applications of Satisfiability Testing (SAT 2024)},
  pages =	{18:1--18:10},
  series =	{Leibniz International Proceedings in Informatics (LIPIcs)},
  ISBN =	{978-3-95977-334-8},
  ISSN =	{1868-8969},
  year =	{2024},
  volume =	{305},
  editor =	{Chakraborty, Supratik and Jiang, Jie-Hong Roland},
  publisher =	{Schloss Dagstuhl -- Leibniz-Zentrum f{\"u}r Informatik},
  address =	{Dagstuhl, Germany},
  URL =		{https://drops.dagstuhl.de/entities/document/10.4230/LIPIcs.SAT.2024.18},
  URN =		{urn:nbn:de:0030-drops-205405},
  doi =		{10.4230/LIPIcs.SAT.2024.18},
  annote =	{Keywords: Maintenance and Distribution of Benchmark Instances and their Features}
}

@article{satComp2024,
  title={Proceedings of SAT Competition 2024: Solver, Benchmark and Proof Checker Descriptions},
  author={Heule, Marijn JH and Iser, Markus and J{\"a}rvisalo, Matti and Suda, Martin},
  year={2024},
  publisher={Department of Computer Science, University of Helsinki}
}

@misc{satComp2022,
  title={SAT COMPETITION 2022},
  author={Balyo, Tom{\'a}s and Heule, Marijn JH and Iser, Markus and J{\"a}rvisalo, Matti and Suda, Martin},
  year={2022}
}

@incollection{satProblem,
  title={The complexity of theorem-proving procedures},
  author={Cook, Stephen A},
  booktitle={Logic, automata, and computational complexity: The works of Stephen A. Cook},
  pages={143--152},
  year={2023}
}

@inproceedings{restartStrategy,
  title={Chasing target phases},
  author={Biere, Armin and Fleury, Mathias},
  booktitle={Workshop on the Pragmatics of SAT},
  year={2020}
}

@incollection{cnfPaper,
  title={On the complexity of derivation in propositional calculus},
  author={Tseitin, Grigori S},
  booktitle={Automation of reasoning: 2: Classical papers on computational logic 1967--1970},
  pages={466--483},
  year={1983},
  publisher={Springer}
}

@article{dpllPaper,
  title={A machine program for theorem-proving},
  author={Davis, Martin and Logemann, George and Loveland, Donald},
  journal={Communications of the ACM},
  volume={5},
  number={7},
  pages={394--397},
  year={1962},
  publisher={ACM New York, NY, USA}
}

@incollection{cdclSolvers,
  title={Conflict-driven clause learning SAT solvers},
  author={Marques-Silva, Joao and Lynce, In{\^e}s and Malik, Sharad},
  booktitle={Handbook of satisfiability},
  pages={133--182},
  year={2021},
  publisher={ios Press}
}

@incollection{biere2021preprocessing,
  title={Preprocessing in SAT solving},
  author={Biere, Armin and J{\"a}rvisalo, Matti and Kiesl, Benjamin},
  booktitle={Handbook of Satisfiability},
  pages={391--435},
  year={2021},
  publisher={IOS press}
}

@inproceedings{lbdPaper,
  title={Predicting Learnt Clauses Quality in Modern SAT Solvers.},
  author={Audemard, Gilles and Simon, Laurent},
  booktitle={IJCAI},
  volume={9},
  pages={399--404},
  year={2009}
}

@article{manySAT,
  title={ManySAT: a parallel SAT solver},
  author={Hamadi, Youssef and Jabbour, Said and Sais, Lakhdar},
  journal={Journal on Satisfiability, Boolean Modelling and Computation},
  volume={6},
  number={4},
  pages={245--262},
  year={2010},
  publisher={SAGE Publications Sage UK: London, England}
}

@inproceedings{iser2019memory,
  title={Memory efficient parallel SAT solving with inprocessing},
  author={Iser, Markus and Balyo, Tom{\'a}s and Sinz, Carsten},
  booktitle={2019 IEEE 31st International Conference on Tools with Artificial Intelligence (ICTAI)},
  pages={64--70},
  year={2019},
  organization={IEEE}
}

@inproceedings{mahajan2004zchaff2004,
  title={Zchaff2004: An efficient sat solver},
  author={Mahajan, Yogesh S and Fu, Zhaohui and Malik, Sharad},
  booktitle={International Conference on Theory and Applications of Satisfiability Testing},
  pages={360--375},
  year={2004},
  organization={Springer}
}

@inproceedings{grumberg2004memory,
  title={Memory efficient all-solutions SAT solver and its application for reachability analysis},
  author={Grumberg, Orna and Schuster, Assaf and Yadgar, Avi},
  booktitle={International Conference on Formal Methods in Computer-Aided Design},
  pages={275--289},
  year={2004},
  organization={Springer}
}

@online{satCompWebsite,
  title = {The International SAT Competition Web Page},
  url = {https://satcompetition.github.io/},
  urldate = {2025-08-03}
}

@online{superMUC,
  title = {Documentation of the Leibniz-Rechenzentrum},
  url = {https://doku.lrz.de/supermuc-ng-10745965.html},
  urldate = {2025-08-05}
}

@inproceedings{cadical,
  author       = {Armin Biere and Tobias Faller and Katalin Fazekas and Mathias Fleury and Nils Froleyks and Florian Pollitt},
  editor       = {Arie Gurfinkel and Vijay Ganesh},
  title        = {{CaDiCaL 2.0}},
  booktitle    = {Computer Aided Verification - 36th International Conference, {CAV} 2024, Montreal, QC, Canada, July 24-27, 2024, Proceedings, Part {I}},
  series       = {Lecture Notes in Computer Science},
  volume       = {14681},
  pages        = {133--152},
  publisher    = {Springer},
  year         = {2024},
  doi          = {10.1007/978-3-031-65627-9\_7},
}

@book{mallobProofs,
  title={Tools and Algorithms for the Construction and Analysis of Systems: 29th International Conference, TACAS 2023, Held as Part of the European Joint Conferences on Theory and Practice of Software, ETAPS 2022, Paris, France, April 22--27, 2023, Proceedings, Part I},
  author={Sankaranarayanan, Sriram and Sharygina, Natasha},
  year={2023},
  publisher={Springer Nature}
}

@inproceedings{biere2015evaluating,
  title={Evaluating CDCL variable scoring schemes},
  author={Biere, Armin and Fr{\"o}hlich, Andreas},
  booktitle={International conference on theory and applications of satisfiability testing},
  pages={405--422},
  year={2015},
  organization={Springer}
}

@inproceedings{moskewicz2001chaff,
  title={Chaff: Engineering an efficient SAT solver},
  author={Moskewicz, Matthew W and Madigan, Conor F and Zhao, Ying and Zhang, Lintao and Malik, Sharad},
  booktitle={Proceedings of the 38th annual Design Automation Conference},
  pages={530--535},
  year={2001}
}

@inproceedings{biere2008adaptive,
  title={Adaptive restart strategies for conflict driven SAT solvers},
  author={Biere, Armin},
  booktitle={International Conference on Theory and Applications of Satisfiability Testing},
  pages={28--33},
  year={2008},
  organization={Springer}
}

@InProceedings{componentPhases,
  author="Pipatsrisawat, Knot and Darwiche, Adnan",
  editor="Marques-Silva, Jo{\~a}o and Sakallah, Karem A.",
  title="A Lightweight Component Caching Scheme for Satisfiability Solvers",
  booktitle="Theory and Applications of Satisfiability Testing -- SAT 2007",
  year="2007",
  publisher="Springer Berlin Heidelberg",
  address="Berlin, Heidelberg",
  pages="294--299",
  abstract="We introduce in this paper a lightweight technique for reducing work repetition caused by non--chronological backtracking commonly practiced by DPLL--based SAT solvers. The presented technique can be viewed as a partial component caching scheme. Empirical evaluation of the technique reveals significant improvements on a broad range of industrial instances.",
  isbn="978-3-540-72788-0"
}

@article{cai2022better,
  title={Better decision heuristics in CDCL through local search and target phases},
  author={Cai, Shaowei and Zhang, Xindi and Fleury, Mathias and Biere, Armin},
  journal={Journal of Artificial Intelligence Research},
  volume={74},
  pages={1515--1563},
  year={2022}
}

@article{gomes2000heavy,
  title={Heavy-tailed phenomena in satisfiability and constraint satisfaction problems},
  author={Gomes, Carla P and Selman, Bart and Crato, Nuno and Kautz, Henry},
  journal={Journal of automated reasoning},
  volume={24},
  number={1},
  pages={67--100},
  year={2000},
  publisher={Springer}
}

@article{gomes1998boosting,
  title={Boosting combinatorial search through randomization},
  author={Gomes, Carla P and Selman, Bart and Kautz, Henry and others},
  journal={AAAI/IAAI},
  volume={98},
  number={1998},
  pages={431--437},
  year={1998}
}

@inproceedings{oh2015between,
  title={Between SAT and UNSAT: the fundamental difference in CDCL SAT},
  author={Oh, Chanseok},
  booktitle={International Conference on Theory and Applications of Satisfiability Testing},
  pages={307--323},
  year={2015},
  organization={Springer}
}

@inproceedings{silva1996grasp,
  title={GRASP-a new search algorithm for satisfiability},
  author={Silva, JP Marques and Sakallah, Karem A},
  booktitle={Proceedings of International Conference on Computer Aided Design},
  pages={220--227},
  year={1996},
  organization={IEEE}
}

@inproceedings{beame2003understanding,
  title={Understanding the power of clause learning},
  author={Beame, Paul and Kautz, Henry and Sabharwal, Ashish},
  booktitle={IJCAI},
  pages={1194--1201},
  year={2003}
}

@InProceedings{allUIPclauselearning,
author="Feng, Nick and Bacchus, Fahiem",
editor="Pulina, Luca and Seidl, Martina",
title="Clause Size Reduction with all-UIP Learning",
booktitle="Theory and Applications of Satisfiability Testing -- SAT 2020",
year="2020",
publisher="Springer International Publishing",
address="Cham",
pages="28--45",
isbn="978-3-030-51825-7"
}

@InProceedings{allUIPclauselearningBetter,
author="Fleury, Mathias and Biere, Armin",
editor="Li, Chu-Min and Many{\`a}, Felip",
title="Efficient All-UIP Learned Clause Minimization",
booktitle="Theory and Applications of Satisfiability Testing -- SAT 2021",
year="2021",
publisher="Springer International Publishing",
address="Cham",
pages="171--187",
isbn="978-3-030-80223-3"
}

@inproceedings{schulz2010cooperate,
  title={Cooperate and compete! a hybrid solving strategy for task-parallel SAT solving on peer-to-peer desktop grids},
  author={Schulz, Sven and Blochinger, Wolfgang},
  booktitle={2010 International Conference on High Performance Computing \& Simulation},
  pages={314--323},
  year={2010},
  organization={IEEE}
}

@article{jurkowiak2001parallelizing,
  title={Parallelizing Satz using dynamic workload balancing},
  author={Jurkowiak, Bernard and Li, Chu Min and Utard, Gil},
  journal={Electronic Notes in Discrete Mathematics},
  volume={9},
  pages={174--189},
  year={2001},
  publisher={Elsevier}
}

@article{blochinger2003parallel,
  title={Parallel propositional satisfiability checking with distributed dynamic learning},
  author={Blochinger, Wolfgang and Sinz, Carsten and K{\"u}chlin, Wolfgang},
  journal={Parallel Computing},
  volume={29},
  number={7},
  pages={969--994},
  year={2003},
  publisher={Elsevier}
}

@article{feldman2005parallel,
  title={Parallel multithreaded satisfiability solver: Design and implementation},
  author={Feldman, Yulik and Dershowitz, Nachum and Hanna, Ziyad},
  journal={Electronic Notes in Theoretical Computer Science},
  volume={128},
  number={3},
  pages={75--90},
  year={2005},
  publisher={Elsevier}
}

@inproceedings{heule2011cube,
  title={Cube and conquer: Guiding CDCL SAT solvers by lookaheads},
  author={Heule, Marijn JH and Kullmann, Oliver and Wieringa, Siert and Biere, Armin},
  booktitle={Haifa Verification Conference},
  pages={50--65},
  year={2011},
  organization={Springer}
}

@article{ppfolio,
  title={Description of ppfolio (2011)},
  author={Roussel, Olivier},
  journal={Proc. SAT Challenge},
  pages={46},
  year={2012}
}

@article{schubert2010pamiraxt,
  title={PaMiraXT: Parallel SAT solving with threads and message passing},
  author={Schubert, Tobias and Lewis, Matthew and Becker, Bernd},
  journal={Journal on Satisfiability, Boolean Modelling and Computation},
  volume={6},
  number={4},
  pages={203--222},
  year={2010},
  publisher={SAGE Publications Sage UK: London, England}
}

@inproceedings{chrabakh2003gridsat,
  title={GridSAT: A chaff-based distributed SAT solver for the grid},
  author={Chrabakh, Wahid and Wolski, Rich},
  booktitle={Proceedings of the 2003 ACM/IEEE conference on Supercomputing},
  pages={37},
  year={2003}
}

@inproceedings{omniPath,
  title={Intel{\textregistered} omni-path architecture: Enabling scalable, high performance fabrics},
  author={Birrittella, Mark S and Debbage, Mark and Huggahalli, Ram and Kunz, James and Lovett, Tom and Rimmer, Todd and Underwood, Keith D and Zak, Robert C},
  booktitle={2015 IEEE 23rd Annual Symposium on High-Performance Interconnects},
  pages={1--9},
  year={2015},
  organization={IEEE}
}

@article{abate2012dependency,
  title={Dependency solving: a separate concern in component evolution management},
  author={Abate, Pietro and Di Cosmo, Roberto and Treinen, Ralf and Zacchiroli, Stefano},
  journal={Journal of Systems and Software},
  volume={85},
  number={10},
  pages={2228--2240},
  year={2012},
  publisher={Elsevier}
}
